<record xmlns="http://www.loc.gov/MARC21/slim">
  <leader>02513ctmaa2200493 a 4500</leader>
  <controlfield tag="001">3977144</controlfield>
  <controlfield tag="005">20141225215256.0</controlfield>
  <controlfield tag="008">000622q14001450fr a 000 0 lat d</controlfield>
  <datafield ind1=" " ind2=" " tag="035">
    <subfield code="a">(CStRLIN)NYCV00A83</subfield>
  </datafield>
  <datafield ind1=" " ind2=" " tag="035">
    <subfield code="a">(CStRLIN)NYCV00-A83</subfield>
  </datafield>
  <datafield ind1=" " ind2=" " tag="035">
    <subfield code="a">3977144</subfield>
  </datafield>
  <datafield ind1=" " ind2=" " tag="035">
    <subfield code="a">(OCoLC)64758414</subfield>
  </datafield>
  <datafield ind1=" " ind2=" " tag="040">
    <subfield code="a">NIC</subfield>
    <subfield code="c">NIC</subfield>
    <subfield code="e">amremm</subfield>
  </datafield>
  <datafield ind1="0" ind2=" " tag="100">
    <subfield code="a">Richard,</subfield>
    <subfield code="c">of St. Victor,</subfield>
    <subfield code="d">-1173.</subfield>
  </datafield>
  <datafield ind1="1" ind2="0" tag="245">
    <subfield code="a">De patriarchis.</subfield>
  </datafield>
  <datafield ind1=" " ind2=" " tag="260">
    <subfield code="a">[France,</subfield>
    <subfield code="c">between ca. 1400 and ca. 1450]</subfield>
  </datafield>
  <datafield ind1=" " ind2=" " tag="300">
    <subfield code="a">36 leaves :</subfield>
    <subfield code="b">parchment, ill. ;</subfield>
    <subfield code="c">210 x 150 (150 x 99) mm. bound to 220 x 155 mm.</subfield>
  </datafield>
  <datafield ind1=" " ind2=" " tag="500">
    <subfield code="a">Ms. codex.</subfield>
  </datafield>
  <datafield ind1=" " ind2=" " tag="546">
    <subfield code="a">Text in Latin.</subfield>
  </datafield>
  <datafield ind1=" " ind2=" " tag="530">
    <subfield code="a">Also on microfilm.</subfield>
  </datafield>
  <datafield ind1=" " ind2=" " tag="500">
    <subfield code="a">Layout: Written in 31-37 long lines, above top line; framed in
      lead.</subfield>
  </datafield>
  <datafield ind1=" " ind2=" " tag="500">
    <subfield code="a">Script: Textual Gothic cursive (batard).</subfield>
  </datafield>
  <datafield ind1=" " ind2=" " tag="500">
    <subfield code="a">Decoration: Large blue initial on f. 1r; decorative pen-strokes, mostly in
      red, filling areas where script has been omitted due to imperfections in the
      parchment.</subfield>
  </datafield>
  <datafield ind1=" " ind2=" " tag="500">
    <subfield code="a">Binding: 19th cent., half-calf.</subfield>
  </datafield>
  <datafield ind1=" " ind2=" " tag="500">
    <subfield code="a">The folios in each quire are often numbered (1-8 or 1-4) in medieval Arabic
      numerals located in the bottom margin of the recto side.</subfield>
  </datafield>
  <datafield ind1=" " ind2=" " tag="500">
    <subfield code="a">Origin: Written in France, first half of the 15th century.</subfield>
  </datafield>
  <datafield ind1=" " ind2=" " tag="561">
    <subfield code="a">Provenance: Obtained by A.D. White before 1878. Received by the White Library
      in 1891.</subfield>
  </datafield>
  <datafield ind1=" " ind2=" " tag="524">
    <subfield code="a">Division of Rare and Manuscript Collections, Cornell University Library,
      Misc. Bd. Ms. 48.</subfield>
  </datafield>
  <datafield ind1="4" ind2=" " tag="510">
    <subfield code="a">De Ricci, S. Census of Medieval and Renaissance Manuscripts in the United
      States and Canada,</subfield>
    <subfield code="c">II, p. 1227.</subfield>
  </datafield>
  <datafield ind1=" " ind2=" " tag="500">
    <subfield code="a">Former shelfmark: MSS Bd. Rare BX R51</subfield>
  </datafield>
  <datafield ind1=" " ind2=" " tag="500">
    <subfield code="a">Related shelfmark: MS B.10 (De Ricci)</subfield>
  </datafield>
  <datafield ind1=" " ind2=" " tag="581">
    <subfield code="a">Richard de Saint-Victor, Les douze patriarches ou Benjamin minor, edition and
      French translation, by Jean Châtillon and Monique Duchet-Suchaux (Paris: Les Editions du
      CERF, 1997; Sources Chrétiennes, No. 419).</subfield>
  </datafield>
  <datafield ind1=" " ind2="0" tag="650">
    <subfield code="a">Theology</subfield>
    <subfield code="v">Early works to 1800.</subfield>
  </datafield>
  <datafield ind1=" " ind2="7" tag="655">
    <subfield code="a">Gothic scripts.</subfield>
    <subfield code="2">aat</subfield>
  </datafield>
  <datafield ind1=" " ind2="7" tag="650">
    <subfield code="a">Theology</subfield>
    <subfield code="2">fast</subfield>
    <subfield code="0">(OCoLC)fst01149559</subfield>
  </datafield>
  <datafield ind1=" " ind2="7" tag="655">
    <subfield code="a">Early works</subfield>
    <subfield code="2">fast</subfield>
    <subfield code="0">(OCoLC)fst01411636</subfield>
  </datafield>
  <datafield ind1="1" ind2=" " tag="700">
    <subfield code="a">White, Andrew Dickson,</subfield>
    <subfield code="d">1832-1918.</subfield>
  </datafield>
  <datafield ind1="2" ind2=" " tag="710">
    <subfield code="a">Cornell University.</subfield>
    <subfield code="b">Library.</subfield>
    <subfield code="b">Division of Rare and Manuscript Collections.</subfield>
    <subfield code="k">Manuscript.</subfield>
    <subfield code="n">Misc. Bd. Ms. 48.</subfield>
  </datafield>
  <datafield ind1=" " ind2=" " tag="752">
    <subfield code="a">France.</subfield>
  </datafield>
  <datafield ind1=" " ind2=" " tag="852">
    <subfield code="a">NIC</subfield>
    <subfield code="j">4600 Bd. Ms. 48</subfield>
  </datafield>
  <datafield ind1="1" ind2=" " tag="899">
    <subfield code="a">med</subfield>
  </datafield>
  <datafield ind1="3" ind2=" " tag="948">
    <subfield code="a">20070525</subfield>
    <subfield code="h">RLINAMC</subfield>
    <subfield code="i">RLINAMC1.mrc</subfield>
  </datafield>
  <datafield ind1="2" ind2=" " tag="948">
    <subfield code="a">20141225</subfield>
    <subfield code="b">m</subfield>
    <subfield code="d">batch</subfield>
    <subfield code="e">lts</subfield>
    <subfield code="x">addfast</subfield>
  </datafield>
  <datafield ind1="f" ind2="f" tag="999">
    <subfield code="i">031dffdd-a18c-4c1e-9db9-5c745d9580fe</subfield>
    <subfield code="s">32431181-16bd-40b3-ba62-aa40997c8f65</subfield>
  </datafield>
</record>
